@incollection{grice1975logic,
  title={Logic and conversation},
  author={Grice, Herbert P},
  booktitle={Speech acts},
  pages={41--58},
  year={1975},
  publisher={Brill}
}